<marc:record xmlns:marc="http://www.loc.gov/MARC21/slim" xmlns:xsi="http://www.w3.org/2001/XMLSchema-instance" xsi:schemaLocation="http://www.loc.gov/MARC21/slim http://www.loc.gov/standards/marcxml/schema/MARC21slim.xsd"><marc:leader>00315nas a2200133 a 45 0</marc:leader><marc:controlfield tag="001">1403469</marc:controlfield><marc:controlfield tag="003">NL-AMISG</marc:controlfield><marc:controlfield tag="005">19960327105232.0</marc:controlfield><marc:controlfield tag="008">199603suuuuuuuucs |||||||||||||||||cze d</marc:controlfield><marc:datafield ind1=" " ind2=" " tag="035"><marc:subfield code="a">(IISG)IISGb10733464</marc:subfield></marc:datafield><marc:datafield ind1=" " ind2=" " tag="040"><marc:subfield code="a">NL-AmISG</marc:subfield></marc:datafield><marc:datafield ind1="0" ind2=" " tag="041"><marc:subfield code="a">cze</marc:subfield></marc:datafield><marc:datafield ind1=" " ind2=" " tag="044"><marc:subfield code="a">-cs</marc:subfield></marc:datafield><marc:datafield ind1="1" ind2="0" tag="245"><marc:subfield code="a">Zemědělská demokracie :</marc:subfield><marc:subfield code="b">lidový list českého venkova.</marc:subfield></marc:datafield><marc:datafield ind1=" " ind2=" " tag="260"><marc:subfield code="a">Praha.</marc:subfield></marc:datafield><marc:datafield ind1=" " ind2=" " tag="694"><marc:subfield code="a">Skrabek, K.</marc:subfield><marc:subfield code="b">ZF 63584</marc:subfield></marc:datafield><marc:datafield ind1="1" ind2=" " tag="700"><marc:subfield code="a">Skrabek, Karel,</marc:subfield><marc:subfield code="e">collector</marc:subfield><marc:subfield code="0">(NL-AMISG)2000599</marc:subfield></marc:datafield><marc:datafield ind1="4" ind2=" " tag="852"><marc:subfield code="a">IISG</marc:subfield><marc:subfield code="b">IISG</marc:subfield><marc:subfield code="c">IISG</marc:subfield><marc:subfield code="j">ZF 63584</marc:subfield><marc:subfield code="n">Available</marc:subfield><marc:subfield code="p">Z119824</marc:subfield></marc:datafield><marc:datafield ind1="0" ind2="0" tag="853"><marc:subfield code="8">2</marc:subfield><marc:subfield code="a">(ISS)</marc:subfield></marc:datafield><marc:datafield ind1="5" ind2="0" tag="863"><marc:subfield code="8">2.1</marc:subfield><marc:subfield code="a">ISS</marc:subfield><marc:subfield code="p">P863.10360135</marc:subfield><marc:subfield code="t">1</marc:subfield></marc:datafield><marc:datafield ind1="5" ind2="0" tag="866"><marc:subfield code="a">2(1947):no.29</marc:subfield></marc:datafield><marc:datafield ind1=" " ind2=" " tag="901"><marc:subfield code="a">1403469</marc:subfield><marc:subfield code="b">Unknown</marc:subfield><marc:subfield code="c">1403469</marc:subfield><marc:subfield code="t">biblio</marc:subfield></marc:datafield><marc:datafield ind1=" " ind2=" " tag="902"><marc:subfield code="a">10622/AFFBAEA1-BAC2-47DD-808B-77A176E43EAE</marc:subfield></marc:datafield></marc:record>